@online{agileTeamSize,
	author = {Gunther Verheyen},
    	title = {Team size in Scrum, actually},
    	note  = {url: https://guntherverheyen.com/2015/03/10/team-size-in-scrum-actually/},
}

@book{YadavSingh,
    title = {An Introduction to Client Server Computing},
    author = {Chandra Yadav and Kumar Singh},
    isbn = {9788122428612},
    pages = {"19"},
    year = {2009},
    publisher = {New Age International}
}

@book{CohnMike,
	title = {User Stories Applied: For Agile Software Development},
	author = {Mike Cohn},
	pages = {18},
	year = {2004},
	publisher = {Addison-Wesley},
	isbn = {0321205685}
}

@book{valuePropositionCanvas,
	title = {Value Proposition Design: How to Create Products and Services Customers Want},
	author = {Osterwalder, A., Pigneur, Y., Bernarda, G., Smith, A.},
	chapter = "1",
	year = {2014},
	publisher = {John Wiley and Sons.},
	isbn = {9781118968055}
}

@online{agilewebsite,
	author = {Kent Beck et al.},
    	title = {Agile Manifesto},
    	note  = {url: http://agilemanifesto.org/},
}

@book{CleggBarker,
	title = {Case Method Fast-Track: A RAD Approach},
	author = {Dai Clegg and Richard Barker},
	year = {1994},
	publisher = {Addison-Wesley},
	isbn = {020162432X}
}
@book{DerbyLarsenSchwaber,
	title = {Agile Retrospectives: Making Good Teams Great},
	author = {Ester Derby and Diana Larsenand Ken Schwaber},
	year = {2006},
	publisher = {Pragmatic Bookshelf},
	isbn = {9780977616640},
	chapter = "3"
}
@book{Skarin,
	title = {Real-World Kanban: Do Less, Accomplish More with Lean Thinking},
	author = {Mattias Skarin},
	year = {2015},
	publisher = {Pragmatic Bookshelf},
	isbn = {9781680500776}
}
@book{MikeAgile,
	title = {Agile Estimating and Planning},
	author = {Mike Cohn},
	year = {2005},
	publisher = {Prentice Hall},
	isbn = {9780131479418},
	chapter = "6"
}
@book{GoncalvesLinders,
	author = {Luís Gonçalves and Ben Linders},
    	title = {Getting Value out of Agile Retrospectives - A Toolbox of Retrospective Exercises},
	year = {2014},
	publisher = {lulu.com},
	isbn = {1304789624},
	pages = {11},
}
@book{Cirillo,
	title = {The Pomodoro Technique: The Life-Changing Time-Management System},
	author = {Francesco Cirillo},
	year = {2018},
	publisher = {Virgin Digital}
}
@book{HuntThomas,
	title = {The Pragmatic Programmer},
	author = {Andrew Hunt and David Thomas},
	year = {1999},
	publisher = {Addison Wesley},
	isbn = {9780201616224}
}
@book{Fowler,
	title = {The Pragmatic Programmer},
	author = {Martin Fowler},
	year = {2019},
	publisher = {Addison Wesley},
	isbn = {0134757599},
	chapter = "3"
}
